@article{article,
author = {Notz, Dirk},
year = {2005},
month = {01},
pages = {},
title = {Thermodynamic and Fluid-Dynamical Processes in Sea Ice}
}