% Copy your references in BibTex style in this biliography file and reference them in your report with use of \cite{}, oder \citep{}, where the first gives "...Author (Year)" and the letter "... (Author, Year)".
%%%%%%%%%%%%%%%%%%%%%%%%%%%%%%%%%%%%%%%%%%%%%%%%%%%%%%%%%%%%%%

@book{ArcticAmplification,
    author = {J. Cohen\phantom{x}et\phantom{x}al.},
    month = {March},
    address = {Washington, D.C.},
    publisher = {US CLIVAR},
    year = {2018},
    title = {Arctic change and possible influence on mid-latitude climate and weather: a US CLIVAR White Paper},
}

@ARTICLE{Blondel2019,
    AUTHOR={Antoine Blondel},
    TITLE={Permeability Measurements in Blind Holes
in Sea Ice.},
    JOURNAL={AGF-211 UNIS},
    YEAR={2019},
}