%! Author = Herma
%! Date = 03.04.2023

